<?xml version="1.0" encoding="UTF-8"?><marc:record xmlns:marc="http://www.loc.gov/MARC21/slim" xmlns:xsi="http://www.w3.org/2001/XMLSchema-instance" xsi:schemaLocation="http://www.loc.gov/MARC21/slim http://www.loc.gov/standards/marcxml/schema/MARC21slim.xsd"><marc:leader>00514ngm a22002057a 4500</marc:leader><marc:controlfield tag="001">1001296</marc:controlfield><marc:controlfield tag="003">NL-AMISG</marc:controlfield><marc:controlfield tag="005">19980529163120.0</marc:controlfield><marc:controlfield tag="008">199805suuuuuuuuxx                  und d</marc:controlfield><marc:datafield ind1=" " ind2=" " tag="035"><marc:subfield code="a">(IISG)IISGb10804790</marc:subfield></marc:datafield><marc:datafield ind1=" " ind2=" " tag="040"><marc:subfield code="a">NL-AmISG</marc:subfield></marc:datafield><marc:datafield ind1="1" ind2="0" tag="245"><marc:subfield code="a">[Video.]</marc:subfield><marc:subfield code="k">Bewegend beeld-document = Moving image document.</marc:subfield></marc:datafield><marc:datafield ind1=" " ind2=" " tag="300"><marc:subfield code="3">VHS.</marc:subfield><marc:subfield code="a">2 ex</marc:subfield></marc:datafield><marc:datafield ind1=" " ind2=" " tag="500"><marc:subfield code="a">Demokrasi ve insan haklari paneli.</marc:subfield></marc:datafield><marc:datafield ind1="2" ind2="4" tag="610"><marc:subfield code="a">HTIB.</marc:subfield><marc:subfield code="0">(NL-AMISG)107259</marc:subfield></marc:datafield><marc:datafield ind1="2" ind2="4" tag="610"><marc:subfield code="a">ATIGD.</marc:subfield><marc:subfield code="0">(NL-AMISG)33163</marc:subfield></marc:datafield><marc:datafield ind1="2" ind2="4" tag="610"><marc:subfield code="a">HTIGD.</marc:subfield><marc:subfield code="0">(NL-AMISG)151816</marc:subfield></marc:datafield><marc:datafield ind1="2" ind2="4" tag="611"><marc:subfield code="0">(NL-AMISG)2632</marc:subfield><marc:subfield code="a">Actie Turkije</marc:subfield><marc:subfield code="c">(Amsterdam)</marc:subfield></marc:datafield><marc:datafield ind1=" " ind2="4" tag="648"><marc:subfield code="a">1975-1999.</marc:subfield><marc:subfield code="0">(NL-AMISG)366946</marc:subfield></marc:datafield><marc:datafield ind1=" " ind2="4" tag="651"><marc:subfield code="a">Amsterdam. (Netherlands)</marc:subfield><marc:subfield code="0">(NL-AMISG)572941</marc:subfield></marc:datafield><marc:datafield ind1=" " ind2="4" tag="655"><marc:subfield code="a">Video.</marc:subfield><marc:subfield code="0">(NL-AMISG)317413</marc:subfield></marc:datafield><marc:datafield ind1=" " ind2=" " tag="694"><marc:subfield code="a">HTIB</marc:subfield><marc:subfield code="b">BG V1/166-7</marc:subfield></marc:datafield><marc:datafield ind1=" " ind2=" " tag="695"><marc:subfield code="a">NED</marc:subfield><marc:subfield code="g">Amsterdam.</marc:subfield></marc:datafield><marc:datafield ind1="2" ind2=" " tag="710"><marc:subfield code="a">HTIB,</marc:subfield><marc:subfield code="e">collector.</marc:subfield><marc:subfield code="0">(NL-AMISG)573865</marc:subfield></marc:datafield><marc:datafield ind1="4" ind2=" " tag="852"><marc:subfield code="a">IISG</marc:subfield><marc:subfield code="b">IISG</marc:subfield><marc:subfield code="c">IISG</marc:subfield><marc:subfield code="j">BG V1/166-7</marc:subfield><marc:subfield code="n">Available</marc:subfield><marc:subfield code="p">N10583313</marc:subfield></marc:datafield><marc:datafield ind1=" " ind2=" " tag="901"><marc:subfield code="a">1001296</marc:subfield><marc:subfield code="b">Unknown</marc:subfield><marc:subfield code="c">1001296</marc:subfield><marc:subfield code="t">biblio</marc:subfield></marc:datafield><marc:datafield ind1=" " ind2=" " tag="902"><marc:subfield code="a">10622/8173F9D7-FA71-415D-BB95-89468051A278</marc:subfield></marc:datafield></marc:record>